@article{RN71,
   author = {Agrawal, Aishwarya and Batra, Dhruv and Parikh, Devi},
   title = {Analyzing the behavior of visual question answering models},
   journal = {arXiv preprint arXiv:1606.07356},
   year = {2016},
   type = {Journal Article}
}

@inproceedings{RN72,
   author = {Agrawal, Aishwarya and Batra, Dhruv and Parikh, Devi},
   title = {Analyzing the Behavior of Visual Question Answering Models},
   booktitle = {Proceedings of the 2016 Conference on Empirical Methods in Natural Language Processing},
   pages = {1955-1960},
   type = {Conference Proceedings}
}

@article{RN23,
   author = {Biederman, Irving and Bar, Moshe},
   title = {One-shot viewpoint invariance in matching novel objects},
   journal = {Vision research},
   volume = {39},
   number = {17},
   pages = {2885-2899},
   ISSN = {0042-6989},
   year = {1999},
   type = {Journal Article}
}

@article{RN17,
   author = {Bottou, Léon},
   title = {From machine learning to machine reasoning},
   journal = {Machine learning},
   volume = {94},
   number = {2},
   pages = {133-149},
   ISSN = {0885-6125},
   year = {2014},
   type = {Journal Article}
}

@article{RN14,
   author = {Canziani, Alfredo and Culurciello, Eugenio},
   title = {Cortexnet: a generic network family for robust visual temporal representations},
   journal = {arXiv preprint arXiv:1706.02735},
   year = {2017},
   type = {Journal Article}
}

@inproceedings{RN64,
   author = {Car, Adrijana and Frank, Andrew},
   title = {General principles of hierarchical spatial reasoning-the case of wayfinding},
   booktitle = {the Proceedings of the 6th International Symposium on Spatial Data Handling},
   volume = {2},
   pages = {646-664},
   type = {Conference Proceedings}
}

@article{RN8,
   author = {Chao, Wei-Lun and Hu, Hexiang and Sha, Fei},
   title = {Being Negative but Constructively: Lessons Learnt from Creating Better Visual Question Answering Datasets},
   journal = {arXiv preprint arXiv:1704.07121},
   year = {2017},
   type = {Journal Article}
}

@article{RN41,
   author = {Chen, Liang-Chieh and Papandreou, George and Kokkinos, Iasonas and Murphy, Kevin and Yuille, Alan L},
   title = {Deeplab: Semantic image segmentation with deep convolutional nets, atrous convolution, and fully connected crfs},
   journal = {IEEE transactions on pattern analysis and machine intelligence},
   volume = {40},
   number = {4},
   pages = {834-848},
   ISSN = {0162-8828},
   year = {2018},
   type = {Journal Article}
}

@article{RN61,
   author = {Chen, Liang-Chieh and Papandreou, George and Kokkinos, Iasonas and Murphy, Kevin and Yuille, Alan L},
   title = {Deeplab: Semantic image segmentation with deep convolutional nets, atrous convolution, and fully connected crfs},
   journal = {IEEE transactions on pattern analysis and machine intelligence},
   volume = {40},
   number = {4},
   pages = {834-848},
   ISSN = {0162-8828},
   year = {2018},
   type = {Journal Article}
}

@article{RN9,
   author = {Chen, Qi and Qiu, Weichao and Zhang, Yi and Xie, Lingxi and Yuille, Alan},
   title = {SampleAhead: Online Classifier-Sampler Communication for Learning from Synthesized Data},
   journal = {arXiv preprint arXiv:1804.00248},
   year = {2018},
   type = {Journal Article}
}

@inproceedings{RN15,
   author = {Cheng, Gong and Zhou, Peicheng and Han, Junwei},
   title = {Rifd-cnn: Rotation-invariant and fisher discriminative convolutional neural networks for object detection},
   booktitle = {Computer Vision and Pattern Recognition (CVPR), 2016 IEEE Conference on},
   publisher = {IEEE},
   pages = {2884-2893},
   ISBN = {1467388513},
   type = {Conference Proceedings}
}

@article{RN82,
   author = {Chidambar, Abhishek and Karambelkar, Sagar and Prabhu, Kaushik and Darade, Vishal and Sonawani, SS},
   title = {Image Question Answering: A Review},
   journal = {Image},
   volume = {5},
   number = {06},
   year = {2018},
   type = {Journal Article}
}

@misc{RN21,
   year = {2017},
   type = {Generic}
}

@article{RN87,
   author = {convey inuser intefaces have had strong place in bringiHatori, Jun and Kikuchi, Yuta and Kobayashi, Sosuke and Takahashi, Kuniyuki and Tsuboi, Yuta and Unno, Yuya and Ko, Wilson and Tan, Jethro},
   title = {Interactively picking real-world objects with unconstrained spoken language instructions},
   journal = {arXiv preprint arXiv:1710.06280},
   year = {2017},
   type = {Journal Article}
}

@inproceedings{RN50,
   author = {De Vries, Harm and Strub, Florian and Chandar, Sarath and Pietquin, Olivier and Larochelle, Hugo and Courville, Aaron},
   title = {GuessWhat?! Visual object discovery through multi-modal dialogue},
   type = {Conference Proceedings}
}

@inproceedings{RN48,
   author = {De Vries, Harm and Strub, Florian and Mary, Jérémie and Larochelle, Hugo and Pietquin, Olivier and Courville, Aaron C},
   title = {Modulating early visual processing by language},
   booktitle = {Advances in Neural Information Processing Systems},
   pages = {6597-6607},
   type = {Conference Proceedings}
}

@article{RN46,
   author = {Dery, Lucio and Mengistu, Robel and Awe, Oluwasanya},
   title = {Neural Combinatorial Optimization for Solving Jigsaw Puzzles: A Step Towards Unsupervised Pre-Training},
   type = {Journal Article}
}

@article{RN42,
   author = {DeSouza, Guilherme N and Kak, Avinash C},
   title = {Vision for mobile robot navigation: A survey},
   journal = {IEEE transactions on pattern analysis and machine intelligence},
   volume = {24},
   number = {2},
   pages = {237-267},
   ISSN = {0162-8828},
   year = {2002},
   type = {Journal Article}
}

@article{RN53,
   author = {Desta, Mikyas  and Chen, Larry and Kornuta, Tomasz},
   title = {Object-based reasoning in VQA},
   journal = {arXiv preprint arXiv:1801.09718},
   year = {2018},
   type = {Journal Article}
}

@article{RN34,
   author = {Desta, Mikyas T and Chen, Larry and Kornuta, Tomasz},
   title = {Object-based reasoning in VQA},
   journal = {arXiv preprint arXiv:1801.09718},
   year = {2018},
   type = {Journal Article}
}

@inproceedings{RN90,
   author = {Domae, Yukiyasu and Okuda, Haruhisa and Taguchi, Yuichi and Sumi, Kazuhiko and Hirai, Takashi},
   title = {Fast graspability evaluation on single depth maps for bin picking with general grippers},
   booktitle = {Robotics and Automation (ICRA), 2014 IEEE International Conference on},
   publisher = {IEEE},
   pages = {1997-2004},
   ISBN = {1479936855},
   type = {Conference Proceedings}
}

@article{RN30,
   author = {Edelman, Shimon},
   title = {The minority report: some common assumptions to reconsider in the modelling of the brain and behaviour},
   journal = {Journal of Experimental & Theoretical Artificial Intelligence},
   volume = {28},
   number = {4},
   pages = {751-776},
   ISSN = {0952-813X},
   year = {2016},
   type = {Journal Article}
}

@inproceedings{RN28,
   author = {Eslami, SM Ali and Heess, Nicolas and Weber, Theophane and Tassa, Yuval and Szepesvari, David and Hinton, Geoffrey E},
   title = {Attend, infer, repeat: Fast scene understanding with generative models},
   booktitle = {Advances in Neural Information Processing Systems},
   pages = {3225-3233},
   type = {Conference Proceedings}
}

@inproceedings{RN20,
   author = {Flynn, John and Neulander, Ivan and Philbin, James and Snavely, Noah},
   title = {Deepstereo: Learning to predict new views from the world's imagery},
   booktitle = {Proceedings of the IEEE Conference on Computer Vision and Pattern Recognition},
   pages = {5515-5524},
   type = {Conference Proceedings}
}

@inproceedings{RN78,
   author = {Gan, Chuang and Li, Yandong and Li, Haoxiang and Sun, Chen and Gong, Boqing},
   title = {Vqs: Linking segmentations to questions and answers for supervised attention in vqa and question-focused semantic segmentation},
   booktitle = {Proc. IEEE Int. Conf. Comp. Vis},
   volume = {3},
   type = {Conference Proceedings}
}

@article{RN58,
   author = {Girshick, Ross},
   title = {Fast r-cnn},
   journal = {arXiv preprint arXiv:1504.08083},
   year = {2015},
   type = {Journal Article}
}

@article{RN57,
   author = {Girshick, Ross and Donahue, Jeff and Darrell, Trevor and Malik, Jitendra},
   title = {Region-based convolutional networks for accurate object detection and segmentation},
   journal = {IEEE transactions on pattern analysis and machine intelligence},
   volume = {38},
   number = {1},
   pages = {142-158},
   ISSN = {0162-8828},
   year = {2016},
   type = {Journal Article}
}

@article{RN24,
   author = {Green, EJ},
   title = {A layered view of shape perception},
   journal = {The British Journal for the Philosophy of Science},
   volume = {68},
   number = {2},
   pages = {355-387},
   ISSN = {0007-0882},
   year = {2015},
   type = {Journal Article}
}

@article{RN25,
   author = {Greene, Ernest},
   title = {Rapid de novo shape encoding: a challenge to connectionist modeling},
   journal = {arXiv preprint arXiv:1801.02256},
   year = {2018},
   type = {Journal Article}
}

@inproceedings{RN62,
   author = {He, Kaiming and Gkioxari, Georgia and Dollár, Piotr and Girshick, Ross},
   title = {Mask r-cnn},
   booktitle = {Computer Vision (ICCV), 2017 IEEE International Conference on},
   publisher = {IEEE},
   pages = {2980-2988},
   ISBN = {1538610329},
   type = {Conference Proceedings}
}

@inproceedings{RN85,
   author = {Hendrickx, Iris and Kim, Su Nam and Kozareva, Zornitsa and Nakov, Preslav and Ó Séaghdha, Diarmuid and Padó, Sebastian and Pennacchiotti, Marco and Romano, Lorenza and Szpakowicz, Stan},
   title = {Semeval-2010 task 8: Multi-way classification of semantic relations between pairs of nominals},
   booktitle = {Proceedings of the Workshop on Semantic Evaluations: Recent Achievements and Future Directions},
   publisher = {Association for Computational Linguistics},
   pages = {94-99},
   ISBN = {1932432310},
   type = {Conference Proceedings}
}

@inproceedings{RN80,
   author = {Hu, Ronghang and Rohrbach, Marcus and Darrell, Trevor},
   title = {Segmentation from natural language expressions},
   booktitle = {European Conference on Computer Vision},
   publisher = {Springer},
   pages = {108-124},
   type = {Conference Proceedings}
}

@inproceedings{RN31,
   author = {Huang, Yanping and Rao, Rajesh PN},
   title = {Neurons as Monte Carlo samplers},
   booktitle = {28th Annual Conference on Neural Information Processing Systems 2014, NIPS 2014},
   publisher = {Neural information processing systems foundation},
   type = {Conference Proceedings}
}

@article{RN10,
   author = {Ilievski, Ilija and Feng, Jiashi},
   title = {A Simple Loss Function for Improving the Convergence and Accuracy of Visual Question Answering Models},
   journal = {arXiv preprint arXiv:1708.00584},
   year = {2017},
   type = {Journal Article}
}

@article{RN18,
   author = {Janner, Michael and Narasimhan, Karthik and Barzilay, Regina},
   title = {Representation learning for grounded spatial reasoning},
   journal = {arXiv preprint arXiv:1707.03938},
   year = {2017},
   type = {Journal Article}
}

@inproceedings{RN68,
   author = {Johnson, Justin and Hariharan, Bharath and van der Maaten, Laurens and Fei-Fei, Li and Zitnick, C Lawrence and Girshick, Ross},
   title = {CLEVR: A diagnostic dataset for compositional language and elementary visual reasoning},
   booktitle = {Computer Vision and Pattern Recognition (CVPR), 2017 IEEE Conference on},
   publisher = {IEEE},
   pages = {1988-1997},
   ISBN = {1538604574},
   type = {Conference Proceedings}
}

@inproceedings{RN69,
   author = {Johnson, Justin and Hariharan, Bharath and van der Maaten, Laurens and Fei-Fei, Li and Zitnick, C Lawrence and Girshick, Ross},
   title = {CLEVR: A Diagnostic Dataset for Compositional Language and Elementary Visual Reasoning},
   booktitle = {Computer Vision and Pattern Recognition (CVPR), 2017 IEEE Conference on},
   publisher = {IEEE},
   pages = {1988-1997},
   ISBN = {1538604574},
   type = {Conference Proceedings}
}

@article{RN3,
   author = {Johnson, Justin and Hariharan, Bharath and van der Maaten, Laurens and Hoffman, Judy and Fei-Fei, Li and Zitnick, C Lawrence and Girshick, Ross},
   title = {Inferring and executing programs for visual reasoning},
   journal = {arXiv preprint arXiv:1705.03633},
   year = {2017},
   type = {Journal Article}
}

@article{RN86,
   author = {Jund, Philipp and Eitel, Andreas and Abdo, Nichola and Burgard, Wolfram},
   title = {Optimization Beyond the Convolution: Generalizing Spatial Relations with End-to-End Metric Learning},
   journal = {arXiv preprint arXiv:1707.00893},
   year = {2017},
   type = {Journal Article}
}

@inproceedings{RN5,
   author = {Kafle, Kushal and Kanan, Christopher},
   title = {An analysis of visual question answering algorithms},
   booktitle = {2017 IEEE International Conference on Computer Vision (ICCV)},
   publisher = {IEEE},
   pages = {1983-1991},
   ISBN = {1538610329},
   type = {Conference Proceedings}
}

@inproceedings{RN65,
   author = {Kafle, Kushal and Kanan, Christopher},
   title = {An analysis of visual question answering algorithms},
   booktitle = {2017 IEEE International Conference on Computer Vision (ICCV)},
   publisher = {IEEE},
   pages = {1983-1991},
   ISBN = {1538610329},
   type = {Conference Proceedings}
}

@inproceedings{RN81,
   author = {Kazemzadeh, Sahar and Ordonez, Vicente and Matten, Mark and Berg, Tamara},
   title = {Referitgame: Referring to objects in photographs of natural scenes},
   booktitle = {Proceedings of the 2014 conference on empirical methods in natural language processing (EMNLP)},
   pages = {787-798},
   type = {Conference Proceedings}
}

@inproceedings{RN63,
   author = {Knauff, Markus and Nebel, Bernhard and Ragni, Marco},
   title = {A computational model for spatial reasoning with mental models},
   booktitle = {Proceedings of the Annual Meeting of the Cognitive Science Society},
   volume = {27},
   type = {Conference Proceedings}
}

@article{RN73,
   author = {Krishna, Ranjay and Zhu, Yuke and Groth, Oliver and Johnson, Justin and Hata, Kenji and Kravitz, Joshua and Chen, Stephanie and Kalantidis, Yannis and Li, Li-Jia and Shamma, David A},
   title = {Visual genome: Connecting language and vision using crowdsourced dense image annotations},
   journal = {International Journal of Computer Vision},
   volume = {123},
   number = {1},
   pages = {32-73},
   ISSN = {0920-5691},
   year = {2017},
   type = {Journal Article}
}

@article{RN4,
   author = {Lake, Brenden M and Ullman, Tomer D and Tenenbaum, Joshua B and Gershman, Samuel J},
   title = {Building machines that learn and think like people},
   journal = {Behavioral and Brain Sciences},
   volume = {40},
   ISSN = {0140-525X},
   year = {2017},
   type = {Journal Article}
}

@article{RN22,
   author = {LaLonde, Rodney and Bagci, Ulas},
   title = {Capsules for Object Segmentation},
   journal = {arXiv preprint arXiv:1804.04241},
   year = {2018},
   type = {Journal Article}
}

@article{RN19,
   author = {Li, Qing and Tao, Qingyi and Joty, Shafiq and Cai, Jianfei and Luo, Jiebo},
   title = {VQA-E: Explaining, Elaborating, and Enhancing Your Answers for Visual Questions},
   journal = {arXiv preprint arXiv:1803.07464},
   year = {2018},
   type = {Journal Article}
}

@inproceedings{RN55,
   author = {Li, Yi and Qi, Haozhi and Dai, Jifeng and Ji, Xiangyang and Wei, Yichen},
   title = {Fully convolutional instance-aware semantic segmentation},
   booktitle = {IEEE Conf. on Computer Vision and Pattern Recognition (CVPR)},
   pages = {2359-2367},
   type = {Conference Proceedings}
}

@article{RN47,
   author = {Li, Yanghao and Wang, Naiyan and Shi, Jianping and Hou, Xiaodi and Liu, Jiaying},
   title = {Adaptive Batch Normalization for practical domain adaptation},
   journal = {Pattern Recognition},
   volume = {80},
   pages = {109-117},
   ISSN = {0031-3203},
   year = {2018},
   type = {Journal Article}
}

@inproceedings{RN93,
   author = {Lin, Tsung-Yi and Maire, Michael and Belongie, Serge and Hays, James and Perona, Pietro and Ramanan, Deva and Dollár, Piotr and Zitnick, C Lawrence},
   title = {Microsoft coco: Common objects in context},
   booktitle = {European conference on computer vision},
   publisher = {Springer},
   pages = {740-755},
   type = {Conference Proceedings}
}

@inproceedings{RN40,
   author = {Long, Jonathan and Shelhamer, Evan and Darrell, Trevor},
   title = {Fully convolutional networks for semantic segmentation},
   booktitle = {Proceedings of the IEEE conference on computer vision and pattern recognition},
   pages = {3431-3440},
   type = {Conference Proceedings}
}

@article{RN88,
   author = {Mackinnon, Tim and Freeman, Steve and Craig, Philip},
   title = {Endo-testing: unit testing with mock objects},
   journal = {Extreme programming examined},
   pages = {287-301},
   year = {2000},
   type = {Journal Article}
}

@article{RN32,
   author = {Magid, Rachel W and Sheskin, Mark and Schulz, Laura E},
   title = {Imagination and the generation of new ideas},
   journal = {Cognitive Development},
   volume = {34},
   pages = {99-110},
   ISSN = {0885-2014},
   year = {2015},
   type = {Journal Article}
}

@inproceedings{RN75,
   author = {Malinowski, Mateusz and Rohrbach, Marcus and Fritz, Mario},
   title = {Ask your neurons: A neural-based approach to answering questions about images},
   booktitle = {Proceedings of the 2015 IEEE International Conference on Computer Vision (ICCV)},
   publisher = {IEEE Computer Society},
   pages = {1-9},
   ISBN = {1467383910},
   type = {Conference Proceedings}
}

@article{RN29,
   author = {Marblestone, Adam H and Wayne, Greg and Kording, Konrad P},
   title = {Toward an integration of deep learning and neuroscience},
   journal = {Frontiers in Computational Neuroscience},
   volume = {10},
   pages = {94},
   ISSN = {1662-5188},
   year = {2016},
   type = {Journal Article}
}

@article{RN39,
   author = {Palm, Rasmus Berg and Paquet, Ulrich and Winther, Ole},
   title = {Recurrent Relational Networks for Complex Relational Reasoning},
   journal = {arXiv preprint arXiv:1711.08028},
   year = {2017},
   type = {Journal Article}
}

@article{RN2,
   author = {Perez, Ethan and De Vries, Harm and Strub, Florian and Dumoulin, Vincent and Courville, Aaron},
   title = {Learning visual reasoning without strong priors},
   journal = {arXiv preprint arXiv:1707.03017},
   year = {2017},
   type = {Journal Article}
}

@inproceedings{RN70,
   author = {Perez, Ethan and De Vries, Harm and Strub, Florian and Dumoulin, Vincent and Courville, Aaron},
   title = {Learning Visual Reasoning Without Strong Priors},
   booktitle = {ICML 2017's Machine Learning in Speech and Language Processing Workshop},
   type = {Conference Proceedings}
}

@article{RN51,
   author = {Perez, Ethan and Strub, Florian and De Vries, Harm and Dumoulin, Vincent and Courville, Aaron},
   title = {Film: Visual reasoning with a general conditioning layer},
   journal = {arXiv preprint arXiv:1709.07871},
   year = {2017},
   type = {Journal Article}
}

@article{RN7,
   author = {Pezzelle, Sandro and Sorodoc, Ionut-Teodor and Bernardi, Raffaella},
   title = {Comparatives, Quantifiers, Proportions: A Multi-Task Model for the Learning of Quantities from Vision},
   journal = {arXiv preprint arXiv:1804.05018},
   year = {2018},
   type = {Journal Article}
}

@inproceedings{RN89,
   author = {Rao, Deepak and Le, Quoc V and Phoka, Thanathorn and Quigley, Morgan and Sudsang, Attawith and Ng, Andrew Y},
   title = {Grasping novel objects with depth segmentation},
   booktitle = {Intelligent Robots and Systems (IROS), 2010 IEEE/RSJ International Conference on},
   publisher = {IEEE},
   pages = {2578-2585},
   ISBN = {1424466768},
   type = {Conference Proceedings}
}

@article{RN35,
   author = {Raposo, David and Santoro, Adam and Barrett, David and Pascanu, Razvan and Lillicrap, Timothy and Battaglia, Peter},
   title = {Discovering objects and their relations from entangled scene representations},
   journal = {arXiv preprint arXiv:1702.05068},
   year = {2017},
   type = {Journal Article}
}

@article{RN38,
   author = {Raposo, David and Santoro, Adam and Barrett, David and Pascanu, Razvan and Lillicrap, Timothy and Battaglia, Peter},
   title = {Discovering objects and their relations from entangled scene representations},
   journal = {arXiv preprint arXiv:1702.05068},
   year = {2017},
   type = {Journal Article}
}

@inproceedings{RN76,
   author = {Ren, Mengye and Kiros, Ryan and Zemel, Richard},
   title = {Exploring models and data for image question answering},
   booktitle = {Advances in neural information processing systems},
   pages = {2953-2961},
   type = {Conference Proceedings}
}

@inproceedings{RN91,
   author = {Ren, Mengye and Zemel, Richard S},
   title = {End-to-end instance segmentation with recurrent attention},
   booktitle = {Proceedings of the 2017 IEEE Conference on Computer Vision and Pattern Recognition (CVPR), Honolulu, HI, USA},
   pages = {21-26},
   type = {Conference Proceedings}
}

@inproceedings{RN59,
   author = {Ren, Shaoqing and He, Kaiming and Girshick, Ross and Sun, Jian},
   title = {Faster r-cnn: Towards real-time object detection with region proposal networks},
   booktitle = {Advances in neural information processing systems},
   pages = {91-99},
   type = {Conference Proceedings}
}

@inproceedings{RN60,
   author = {Ren, Shaoqing and He, Kaiming and Girshick, Ross and Sun, Jian},
   title = {Faster r-cnn: Towards real-time object detection with region proposal networks},
   booktitle = {Advances in neural information processing systems},
   pages = {91-99},
   type = {Conference Proceedings}
}

@article{RN26,
   author = {Rezende, Danilo Jimenez and Mohamed, Shakir and Danihelka, Ivo and Gregor, Karol and Wierstra, Daan},
   title = {One-shot generalization in deep generative models},
   journal = {arXiv preprint arXiv:1603.05106},
   year = {2016},
   type = {Journal Article}
}

@article{RN13,
   author = {Riochet, Ronan and Castro, Mario Ynocente and Bernard, Mathieu and Lerer, Adam and Fergus, Rob and Izard, Véronique and Dupoux, Emmanuel},
   title = {IntPhys: A Framework and Benchmark for Visual Intuitive Physics Reasoning},
   journal = {arXiv preprint arXiv:1803.07616},
   year = {2018},
   type = {Journal Article}
}

@article{RN56,
   author = {Rupprecht, Christian and Laina, Iro and Navab, Nassir and Hager, Gregory D and Tombari, Federico},
   title = {Guide Me: Interacting with Deep Networks},
   journal = {arXiv preprint arXiv:1803.11544},
   year = {2018},
   type = {Journal Article}
}

@inproceedings{RN27,
   author = {Sabour, Sara and Frosst, Nicholas and Hinton, Geoffrey E},
   title = {Dynamic routing between capsules},
   booktitle = {Advances in Neural Information Processing Systems},
   pages = {3859-3869},
   type = {Conference Proceedings}
}

@inproceedings{RN77,
   author = {Sabour, Sara and Frosst, Nicholas and Hinton, Geoffrey E},
   title = {Dynamic routing between capsules},
   booktitle = {Advances in Neural Information Processing Systems},
   pages = {3859-3869},
   type = {Conference Proceedings}
}

@inproceedings{RN36,
   author = {Santoro, Adam and Bartunov, Sergey and Botvinick, Matthew and Wierstra, Daan and Lillicrap, Timothy},
   title = {Meta-learning with memory-augmented neural networks},
   booktitle = {International conference on machine learning},
   pages = {1842-1850},
   type = {Conference Proceedings}
}

@article{RN37,
   author = {Santoro, Adam and Bartunov, Sergey and Botvinick, Matthew and Wierstra, Daan and Lillicrap, Timothy},
   title = {One-shot learning with memory-augmented neural networks},
   journal = {arXiv preprint arXiv:1605.06065},
   year = {2016},
   type = {Journal Article}
}

@inproceedings{RN83,
   author = {Santoro, Adam and Hill, Felix and Barrett, David and Morcos, Ari and Lillicrap, Timothy},
   title = {Measuring abstract reasoning in neural networks},
   booktitle = {International Conference on Machine Learning},
   pages = {4477-4486},
   type = {Conference Proceedings}
}

@inproceedings{RN1,
   author = {Santoro, Adam and Raposo, David and Barrett, David G and Malinowski, Mateusz and Pascanu, Razvan and Battaglia, Peter and Lillicrap, Tim},
   title = {A simple neural network module for relational reasoning},
   booktitle = {Advances in neural information processing systems},
   pages = {4974-4983},
   type = {Conference Proceedings}
}

@article{RN33,
   author = {Scellier, Benjamin and Bengio, Yoshua},
   title = {Towards a biologically plausible backprop},
   journal = {arXiv preprint arXiv:1602.05179},
   volume = {914},
   year = {2016},
   type = {Journal Article}
}

@article{RN49,
   author = {Strub, Florian and De Vries, Harm and Mary, Jeremie and Piot, Bilal and Courville, Aaron and Pietquin, Olivier},
   title = {End-to-end optimization of goal-driven and visually grounded dialogue systems},
   journal = {arXiv preprint arXiv:1703.05423},
   year = {2017},
   type = {Journal Article}
}

@article{RN12,
   author = {Suarez, Joseph and Zhu, Clare},
   title = {Fast and CLEVR Visual Reasoning Programs via Improved Topologically Batched Graph Execution},
   type = {Journal Article}
}

@inproceedings{RN44,
   author = {Suganthan, PN},
   title = {Solving jigsaw puzzles using Hopfield neural networks},
   booktitle = {Neural Networks, 1999. IJCNN'99. International Joint Conference on},
   publisher = {IEEE},
   volume = {6},
   pages = {3745-3749},
   ISBN = {0780355296},
   type = {Conference Proceedings}
}

@inproceedings{RN94,
   author = {Sullivan, Kevin J and Griswold, William G and Cai, Yuanfang and Hallen, Ben},
   title = {The structure and value of modularity in software design},
   booktitle = {ACM SIGSOFT Software Engineering Notes},
   publisher = {ACM},
   volume = {26},
   pages = {99-108},
   ISBN = {1581133901},
   type = {Conference Proceedings}
}

@article{RN54,
   author = {Tremblay, Jonathan and To, Thang and Birchfield, Stan},
   title = {Falling Things: A Synthetic Dataset for 3D Object Detection and Pose Estimation},
   journal = {arXiv preprint arXiv:1804.06534},
   year = {2018},
   type = {Journal Article}
}

@inproceedings{RN92,
   author = {Uhrig, Jonas and Cordts, Marius and Franke, Uwe and Brox, Thomas},
   title = {Pixel-level encoding and depth layering for instance-level semantic labeling},
   booktitle = {German Conference on Pattern Recognition},
   publisher = {Springer},
   pages = {14-25},
   type = {Conference Proceedings}
}

@article{RN16,
   author = {Vander Heyden, Karin M and Huizinga, Mariette and Kan, Kees-Jan and Jolles, Jelle},
   title = {A developmental perspective on spatial reasoning: Dissociating object transformation from viewer transformation ability},
   journal = {Cognitive Development},
   volume = {38},
   pages = {63-74},
   ISSN = {0885-2014},
   year = {2016},
   type = {Journal Article}
}

@inproceedings{RN52,
   author = {Wang, Peng and Wu, Qi and Shen, Chunhua and van den Hengel, Anton},
   title = {The vqa-machine: Learning how to use existing vision algorithms to answer new questions},
   booktitle = {Proc. CVPR},
   type = {Conference Proceedings}
}

@article{RN43,
   author = {Wei, Gao and Hus, David and Lee, Wee Sun and Shen, Shengmei and Subramanian, Karthikk},
   title = {Intention-Net: Integrating Planning and Deep Learning for Goal-Directed Autonomous Navigation},
   journal = {arXiv preprint arXiv:1710.05627},
   year = {2017},
   type = {Journal Article}
}

@article{RN66,
   author = {Wu, Qi and Teney, Damien and Wang, Peng and Shen, Chunhua and Dick, Anthony and van den Hengel, Anton},
   title = {Visual question answering: A survey of methods and datasets},
   journal = {Computer Vision and Image Understanding},
   volume = {163},
   pages = {21-40},
   ISSN = {1077-3142},
   year = {2017},
   type = {Journal Article}
}

@article{RN67,
   author = {Wu, Qi and Teney, Damien and Wang, Peng and Shen, Chunhua and Dick, Anthony and van den Hengel, Anton},
   title = {Visual question answering: A survey of methods and datasets},
   journal = {Computer Vision and Image Understanding},
   volume = {163},
   pages = {21-40},
   ISSN = {1077-3142},
   year = {2017},
   type = {Journal Article}
}

@article{RN11,
   author = {Yan, Claudia and Misra, Dipendra and Bennnett, Andrew and Walsman, Aaron and Bisk, Yonatan and Artzi, Yoav},
   title = {CHALET: Cornell House Agent Learning Environment},
   journal = {arXiv preprint arXiv:1801.07357},
   year = {2018},
   type = {Journal Article}
}

@article{RN6,
   author = {Yang, Guangyu Robert and Ganichev, Igor and Wang, Xiao-Jing and Shlens, Jonathon and Sussillo, David},
   title = {A dataset and architecture for visual reasoning with a working memory},
   journal = {arXiv preprint arXiv:1803.06092},
   year = {2018},
   type = {Journal Article}
}

@article{RN45,
   author = {Yao, Feng-Hui and Shao, Gui-Feng},
   title = {A shape and image merging technique to solve jigsaw puzzles},
   journal = {Pattern Recognition Letters},
   volume = {24},
   number = {12},
   pages = {1819-1835},
   ISSN = {0167-8655},
   year = {2003},
   type = {Journal Article}
}

@article{RN84,
   author = {Yin, Wenpeng and Kann, Katharina and Yu, Mo and Schütze, Hinrich},
   title = {Comparative study of cnn and rnn for natural language processing},
   journal = {arXiv preprint arXiv:1702.01923},
   year = {2017},
   type = {Journal Article}
}

@article{RN79,
   author = {Zhu, Yaohui and Jiang, Shuqiang},
   title = {Deep Structured Learning for Visual Relationship Detection},
   year = {2018},
   type = {Journal Article}
}

